<?xml version="1.0" encoding="UTF-8"?>
<marc:collection xmlns:marc="http://www.loc.gov/MARC21/slim" xmlns:xsi="http://www.w3.org/2001/XMLSchema-instance" xsi:schemaLocation="http://www.loc.gov/MARC21/slim http://www.loc.gov/standards/marcxml/schema/MARC21slim.xsd">
   <marc:record type="Bibliographic">
      <marc:leader>02774cam a2200505 a 4500</marc:leader>
      <marc:controlfield tag="001">443004</marc:controlfield>
      <marc:controlfield tag="003">NjP</marc:controlfield>
      <marc:controlfield tag="005">20130225102624.0</marc:controlfield>
      <marc:controlfield tag="008">880509s1985    ir h          000 0 araod</marc:controlfield>
      <marc:datafield tag="024" ind1="7" ind2=" ">
         <marc:subfield code="a">princeton_aco000531</marc:subfield>
         <marc:subfield code="2">local</marc:subfield>
      </marc:datafield>
      <marc:datafield tag="035" ind1=" " ind2=" ">
         <marc:subfield code="a">(OCoLC)ocn175983939</marc:subfield>
      </marc:datafield>
      <marc:datafield tag="035" ind1=" " ind2=" ">
         <marc:subfield code="a">(OCoLC)21939102</marc:subfield>
      </marc:datafield>
      <marc:datafield tag="040" ind1=" " ind2=" ">
         <marc:subfield code="a">PU</marc:subfield>
         <marc:subfield code="c">PUL</marc:subfield>
         <marc:subfield code="d">PUL</marc:subfield>
      </marc:datafield>
      <marc:datafield tag="035" ind1=" " ind2=" ">
         <marc:subfield code="a">(OCoLC)175983939</marc:subfield>
      </marc:datafield>
      <marc:datafield tag="035" ind1=" " ind2=" ">
         <marc:subfield code="a">(CStRLIN)NJPG88-B23909</marc:subfield>
      </marc:datafield>
      <marc:datafield tag="035" ind1=" " ind2=" ">
         <marc:subfield code="9">ACB8624TS</marc:subfield>
      </marc:datafield>
      <marc:datafield tag="035" ind1=" " ind2=" ">
         <marc:subfield code="a">(NjP)443004</marc:subfield>
      </marc:datafield>
      <marc:datafield tag="079" ind1=" " ind2=" ">
         <marc:subfield code="a">ocm21939102</marc:subfield>
      </marc:datafield>
      <marc:datafield tag="049" ind1=" " ind2=" ">
         <marc:subfield code="a">PULL</marc:subfield>
      </marc:datafield>
      <marc:datafield tag="100" ind1="1" ind2=" ">
         <marc:subfield code="6">880-01</marc:subfield>
         <marc:subfield code="a">Rāwandī, Saʻīd ibn Hibat Allāh,</marc:subfield>
         <marc:subfield code="d">d. 1178.</marc:subfield>
      </marc:datafield>
      <marc:datafield tag="245" ind1="1" ind2="0">
         <marc:subfield code="6">880-02</marc:subfield>
         <marc:subfield code="a">Minhāj al-barāʻah fī sharḥ Nahj al-balāghah /</marc:subfield>
         <marc:subfield code="c">li-Abī al-Ḥusayn Saʻīd ibn Hibat Allāh al-Rāwandī ; taḥqīq ʻAbd al-Laṭīf al-Kūhʹkamarī, bi-ihtimām Maḥmūd al-Marʻashī.</marc:subfield>
      </marc:datafield>
      <marc:datafield tag="260" ind1=" " ind2=" ">
         <marc:subfield code="6">880-03</marc:subfield>
         <marc:subfield code="a">Qum :</marc:subfield>
         <marc:subfield code="b">Maktabat Āyat Allāh al-Marʻashī al-ʻĀmmah,</marc:subfield>
         <marc:subfield code="c">1406 [1985]</marc:subfield>
      </marc:datafield>
      <marc:datafield tag="300" ind1=" " ind2=" ">
         <marc:subfield code="a">3 v. :</marc:subfield>
         <marc:subfield code="b">facsims. ;</marc:subfield>
         <marc:subfield code="c">25 cm.</marc:subfield>
      </marc:datafield>
      <marc:datafield tag="440" ind1=" " ind2="0">
         <marc:subfield code="6">880-04</marc:subfield>
         <marc:subfield code="a">Min Makhṭūṭāt Maktabat Āyat Allāh al-Marʻashī al-ʻĀmmah ;</marc:subfield>
         <marc:subfield code="v">14</marc:subfield>
      </marc:datafield>
      <marc:datafield tag="504" ind1=" " ind2=" ">
         <marc:subfield code="a">Bibliography: v. 3, p. 466-474.</marc:subfield>
      </marc:datafield>
      <marc:datafield tag="600" ind1="1" ind2="0">
         <marc:subfield code="6">880-05</marc:subfield>
         <marc:subfield code="a">Sharīf al-Raḍī, Muḥammad ibn al-Ḥusayn,</marc:subfield>
         <marc:subfield code="d">969 or 70-1016.</marc:subfield>
         <marc:subfield code="t">Nahj al-balāghah.</marc:subfield>
      </marc:datafield>
      <marc:datafield tag="600" ind1="0" ind2="0">
         <marc:subfield code="6">880-06</marc:subfield>
         <marc:subfield code="a">ʻAli ibn Abī Ṭālib,</marc:subfield>
         <marc:subfield code="c">Caliph,</marc:subfield>
         <marc:subfield code="d">600 (ca.)-661.</marc:subfield>
      </marc:datafield>
      <marc:datafield tag="650" ind1=" " ind2="0">
         <marc:subfield code="a">Shīʻah</marc:subfield>
         <marc:subfield code="x">Doctrines.</marc:subfield>
      </marc:datafield>
      <marc:datafield tag="700" ind1="1" ind2=" ">
         <marc:subfield code="6">880-07</marc:subfield>
         <marc:subfield code="a">Sharīf al-Raḍī, Muḥammad ibn al-Ḥusayn,</marc:subfield>
         <marc:subfield code="d">969 or 70-1016.</marc:subfield>
         <marc:subfield code="t">Nahj al-balāghah.</marc:subfield>
      </marc:datafield>
      <marc:datafield tag="700" ind1="0" ind2=" ">
         <marc:subfield code="6">880-08</marc:subfield>
         <marc:subfield code="a">ʻAlī ibn Abī Ṭālib,</marc:subfield>
         <marc:subfield code="c">Caliph,</marc:subfield>
         <marc:subfield code="d">600 (ca.)-661.</marc:subfield>
      </marc:datafield>
      <marc:datafield tag="700" ind1="1" ind2=" ">
         <marc:subfield code="6">880-09</marc:subfield>
         <marc:subfield code="a">Kūhʹkamarī, ʻAbd al-Laṭīf.</marc:subfield>
      </marc:datafield>
      <marc:datafield tag="700" ind1="1" ind2=" ">
         <marc:subfield code="6">880-10</marc:subfield>
         <marc:subfield code="a">Marʻashī, Maḥmūd.</marc:subfield>
      </marc:datafield>
      <marc:datafield tag="880" ind1="1" ind2=" ">
         <marc:subfield code="6">100-01/r</marc:subfield>
         <marc:subfield code="a">راوندي، سعيد بن هبة الله،</marc:subfield>
         <marc:subfield code="d">d. 1178.</marc:subfield>
      </marc:datafield>
      <marc:datafield tag="880" ind1="1" ind2="0">
         <marc:subfield code="6">245-02/r</marc:subfield>
         <marc:subfield code="a">منهاج البراعة في شرح نهج البلاغة /</marc:subfield>
         <marc:subfield code="c">لابي الحسين سعيد بن هبة الله الراوندي ؛ تحقيق عبد اللطيف الكوهكمري، باهتمام محمود المرعشي.</marc:subfield>
      </marc:datafield>
      <marc:datafield tag="880" ind1=" " ind2=" ">
         <marc:subfield code="6">260-03/r</marc:subfield>
         <marc:subfield code="a">قم :</marc:subfield>
         <marc:subfield code="b">مكتبة آية الله المرعشي العامة،</marc:subfield>
         <marc:subfield code="c">1406 [1985]</marc:subfield>
      </marc:datafield>
      <marc:datafield tag="880" ind1=" " ind2="0">
         <marc:subfield code="6">440-04/r</marc:subfield>
         <marc:subfield code="a">من مخطوطات مكتبة آية الله المرعشي العامة ؛</marc:subfield>
         <marc:subfield code="v">14</marc:subfield>
      </marc:datafield>
      <marc:datafield tag="880" ind1="1" ind2="0">
         <marc:subfield code="6">600-05/r</marc:subfield>
         <marc:subfield code="a">شريف الرضي، محمد بن الحسين،</marc:subfield>
         <marc:subfield code="d">969 or 70-1016.</marc:subfield>
         <marc:subfield code="t">نهج البلاغة.</marc:subfield>
      </marc:datafield>
      <marc:datafield tag="880" ind1="0" ind2="0">
         <marc:subfield code="6">600-06/r</marc:subfield>
         <marc:subfield code="a">عل بن ابي طالب،</marc:subfield>
         <marc:subfield code="c">لپه،</marc:subfield>
         <marc:subfield code="d">600 (.)661.</marc:subfield>
      </marc:datafield>
      <marc:datafield tag="880" ind1="1" ind2=" ">
         <marc:subfield code="6">700-07/r</marc:subfield>
         <marc:subfield code="a">شريف الرضي، محمد بن الحسين،</marc:subfield>
         <marc:subfield code="d">969 or 70-1016.</marc:subfield>
         <marc:subfield code="t">نهج البلاغة.</marc:subfield>
      </marc:datafield>
      <marc:datafield tag="880" ind1="0" ind2=" ">
         <marc:subfield code="6">700-08/r</marc:subfield>
         <marc:subfield code="a">علي بن ابي طالب،</marc:subfield>
         <marc:subfield code="c">لپه،</marc:subfield>
         <marc:subfield code="d">600 (.)661.</marc:subfield>
      </marc:datafield>
      <marc:datafield tag="880" ind1="1" ind2=" ">
         <marc:subfield code="6">700-09/r</marc:subfield>
         <marc:subfield code="a">كوهكمري، عبد اللطيف.</marc:subfield>
      </marc:datafield>
      <marc:datafield tag="880" ind1="1" ind2=" ">
         <marc:subfield code="6">700-10/r</marc:subfield>
         <marc:subfield code="a">مرعشي، محمود.</marc:subfield>
      </marc:datafield>
      <marc:datafield tag="998" ind1=" " ind2=" ">
         <marc:subfield code="a">10/26/90</marc:subfield>
         <marc:subfield code="s">9114</marc:subfield>
         <marc:subfield code="n">NjP</marc:subfield>
         <marc:subfield code="w">PAUG89B26454</marc:subfield>
         <marc:subfield code="d">05/09/88</marc:subfield>
         <marc:subfield code="c">JAB</marc:subfield>
         <marc:subfield code="b">MT</marc:subfield>
         <marc:subfield code="i">901026</marc:subfield>
         <marc:subfield code="l">NJPG</marc:subfield>
      </marc:datafield>
      <marc:datafield tag="911" ind1=" " ind2=" ">
         <marc:subfield code="a">19921028</marc:subfield>
      </marc:datafield>
      <marc:datafield tag="912" ind1=" " ind2=" ">
         <marc:subfield code="a">19910104000000.0</marc:subfield>
      </marc:datafield>
      <marc:datafield tag="994" ind1=" " ind2=" ">
         <marc:subfield code="a">C0</marc:subfield>
         <marc:subfield code="b">PUL</marc:subfield>
      </marc:datafield>
      <marc:datafield tag="999" ind1=" " ind2=" ">
         <marc:subfield code="a">443004</marc:subfield>
      </marc:datafield>
   </marc:record>
</marc:collection>
